@book{Wirth1976,
  added-at = {2011-08-25T16:55:12.000+0200},
  author = {Wirth, Niklaus},
  biburl = {https://www.bibsonomy.org/bibtex/216c905d4dc3cd872303a7122dc7963f8/voj},
  interhash = {3543abd986ab7af1b416c661c1cb164a},
  intrahash = {16c905d4dc3cd872303a7122dc7963f8},
  isbn = {978-0-13-022418-7},
  keywords = {programming},
  publisher = {Prentice-Hall},
  timestamp = {2011-08-25T16:55:12.000+0200},
  title = {Algorithms + Data Structures = Programs},
  year = 1976
}
